@article{Shida1968,
  title = {{Effect of Carbon Content , Temperature and Strain Rate on Compressive Flow-Stress of Carbon Stells}},
  author = {Shida, S.},
  year = {1968},
  journal = {J. JSTP},
  volume = {9},
  number = {85},
  langid = {japanese},
  file = {/home/christoph/Zotero/storage/ARST6RC6/志田の式I.pdf}
}

@article{Shida1969,
  title = {{Empirical Formula of Flow-Stress of Carbon Steels -  Resistance to Deformation of Carbon Steels at Elevated Temperature - 2nd Report}},
  author = {Shida, S.},
  year = {1969},
  journal = {J. JSTP},
  volume = {10},
  number = {103},
  langid = {japanese},
  file = {/home/christoph/Zotero/storage/T37MEMUL/志田の式II-1.pdf}
}

@techreport{Suzuki1968,
  title = {Studies {{On The Flow Stress Of Metals And Alloys}}},
  author = {Suzuki, H. and Hashizume, S. and Yabuki, Y. and Ichihara, Y. and Satoshi, N.},
  year = {1968},
  number = {117},
  address = {{Tokyo}},
  institution = {{Institute of Industrial Science}},
  langid = {english},
  file = {/home/christoph/Zotero/storage/2X2C6BPT/ADA381801.pdf}
}
